@Book{guru2001,
author = {B. S. Guru and H. R. Hiziroglu},
title = {Electric Machinery and Transformers},
publisher = {Oxford University Press},
year = {2001},
address = {New York}
}

@Book{boldea2013,
author = {I. Boldea},
title = {Linear Electric Machines, Drives and MAGLEVs Handbook},
year = {2013},
publisher = {CRC Press},
address = {Florida}
}

@ARTICLE{laithwaite1970, 
author={Laithwaite, E.R. and Nasar, S.A.}, 
journal={Proceedings of the IEEE}, 
title={Linear-motion electrical machines}, 
year={1970}, 
month={April}, 
volume={58}, 
number={4}, 
pages={531-542}
}

@ARTICLE{leekimlee2006, 
author={Hyung-Woo Lee and Ki-Chan Kim and Ju Lee}, 
journal={Magnetics, IEEE Transactions on}, 
title={Review of maglev train technologies}, 
year={2006}, 
month={July}, 
volume={42}, 
number={7}, 
pages={1917-1925}
}

@ARTICLE{bazghaleh2010, 
author={Bazghaleh, A.Z. and Naghashan, M.R. and Meshkatoddini, M.R.}, 
journal={Magnetics, IEEE Transactions on}, 
title={Optimum Design of Single-Sided Linear Induction Motors for Improved Motor Performance}, 
year={2010}, 
month={Nov}, 
volume={46}, 
number={11}, 
pages={3939-3947}
}

@ARTICLE{selcuk2008, 
author={Selcuk, A.H. and Kurum, H.}, 
journal={Magnetics, IEEE Transactions on}, 
title={Investigation of End Effects in Linear Induction Motors by Using the Finite-Element Method}, 
year={2008}, 
month={July}, 
volume={44}, 
number={7}, 
pages={1791-1795}
}

@ARTICLE{laithwaite1965, 
author={Laithwaite, E.R.}, 
journal={Electrical Engineers, Proceedings of the Institution of}, 
title={The goodness of a machine}, 
year={1965}, 
month={March}, 
volume={112}, 
number={3}, 
pages={538-541}
}

@INPROCEEDINGS{kuznetsov2008, 
author={Kuznetsov, S. and Marriott, D.}, 
booktitle={Electromagnetic Launch Technology, 2008 14th Symposium on}, 
title={High Velocity Linear Induction Launcher with Exit-Edge Compensation for Testing of Aerospace Components}, 
year={2008}, 
month={June}, 
pages={1-8}
}

@article{guo2012,
year={2012},
issn={2095-087X},
journal={Journal of Modern Transportation},
volume={20},
number={2},
doi={10.1007/BF03325783},
title={A new method to reduce end effect of linear induction motor},
url={http://dx.doi.org/10.1007/BF03325783},
publisher={Springer-Verlag},
keywords={linear induction motor; end effect compensation; thrust; pole pitch correction},
author={Guo, Xiaozhou and Zhou, Bin and Lian, Jisan},
pages={88-92},
language={English}
}

@INPROCEEDINGS{zhang2012, 
author={Zhang Qingjie and Zhang Yanqing}, 
booktitle={Electromagnetic Launch Technology (EML), 2012 16th International Symposium on}, 
title={Scheme design of high performance converting control of linear induction motor used for electromagnetic launch}, 
year={2012}, 
month={May}, 
pages={1-4}
}

@Book{nerivela,
author = {Rodolfo Neri Vela},
title = {Líneas de Transmisión},
year = {1999},
publisher = {McGraw-Hill},
address = {México D.F.}
}

@Book{boldea2010,
author = {Ion Boldea and Lucian Tutelea},
title = {Electric Machines: steady state, transients and design with MATLAB},
year = {2010},
publisher = {CRC Press},
address = {Florida}
}

@Book{lorraincorson,
author = {Paul Lorrain and Dale R. Corson},
title = {Electromagnetic Fields and Waves},
year = {1988},
publisher = {W. H. Freeman and Company},
address = {New York}
}

@ARTICLE{gieras1986, 
author={Gieras, J.F. and Dawson, Graham E. and Eastham, Anthony R.}, 
journal={Magnetics, IEEE Transactions on}, 
title={Performance calculation for single-sided linear induction motors with a double-layer reaction rail under constant current excitation}, 
year={1986}, 
month={Jan}, 
volume={22}, 
number={1}, 
pages={54-62}
}

@INPROCEEDINGS{weixu2007, 
author={Wei Xu and Yaohua Li and Guangsheng Sun and Jinqi Ren and Longcheng Tan and Ke Wang and Junfei Han}, 
booktitle={Electrical Machines and Systems, 2007. ICEMS. International Conference on}, 
title={Performance study on high power linear induction motor in transportation}, 
year={2007}, 
month={Oct}, 
pages={1025-1027}
}

@INPROCEEDINGS{weixu2008, 
author={Wei Xu and Longcheng Tan and Jinwei He and Yaohua Li and Jinqi Ren and Junfei Han and Guangsheng Sun}, 
booktitle={Industrial Technology, 2008. ICIT 2008. IEEE International Conference on}, 
title={Performance study for linear induction motor considering winding function method and control scheme}, 
year={2008}, 
month={April}, 
pages={1-5}
}

@INPROCEEDINGS{weixu2009, 
author={Wei Xu and Jianguo Zhu and Longcheng Tan and Youguang Guo and Shuhong Wang and Yi Wang}, 
booktitle={Industrial Technology, 2009. ICIT 2009. IEEE International Conference on}, 
title={Optimal design of a linear induction motor applied in transportation}, 
year={2009}, 
month={Feb}, 
pages={1-6}
}

@INPROCEEDINGS{dong2014, 
author={Dong Hu and Wei Xu and Ronghai Qu}, 
booktitle={Power Engineering Conference (AUPEC), 2014 Australasian Universities}, 
title={Electromagnetic design optimization of single-sided linear induction motor for improved drive performance based on linear metro application}, 
year={2014}, 
month={Sept}, 
pages={1-6}
}

@Book{gieras2000,
author = {Jacek F. Gieras and Zbignew J. Piech},
title = {Linear Synchronous Motors: Transportation and Automation Systems},
year = {2000},
publisher = {CRC Press},
address = {Florida}
}

@article{jang2010,
year={2011},
issn={1005-9784},
journal={Journal of Central South University of Technology},
volume={18},
number={3},
doi={10.1007/s11771-011-0749-8},
title={Optimal design of auxiliary-teeth to solve circulation current reduction of permanent magnet linear synchronous motor},
url={http://dx.doi.org/10.1007/s11771-011-0749-8},
publisher={Central South University},
keywords={permanent magnet linear synchronous motor; auxiliary-teeth; circulation current; end effect; thrust reduction},
author={Ki-Bong Jang and Jee-Hyun Kim and Ho-Jin An and Gyu-Tak Kim},
pages={690-696},
language={English}
}

@INPROCEEDINGS{gang2005, 
author={Lv Gang and Fan Yu}, 
booktitle={Electrical Machines and Systems, 2005. ICEMS 2005. Proceedings of the Eighth International Conference on}, 
title={A hybrid nonlinear autoregressive neural network for permanent-magnet linear synchronous motor identification}, 
year={2005}, 
month={Sept}, 
volume={1}, 
pages={310-314}
}

@ARTICLE{stumberger2004, 
author={Stumberger, G. and Aydemir, M.T. and Zarko, D. and Lipo, T.A.}, 
journal={Applied Superconductivity, IEEE Transactions on}, 
title={Design of a linear bulk superconductor magnet synchronous motor for electromagnetic aircraft launch systems}, 
year={2004}, 
month={March}, 
volume={14}, 
number={1}, 
pages={54-62}
}

@ARTICLE{mallison1973, 
author={Mallinson, J.C.}, 
journal={Magnetics, IEEE Transactions on}, 
title={One-sided fluxes -- A magnetic curiosity?}, 
year={1973}, 
month={Dec}, 
volume={9}, 
number={4}, 
pages={678-682}
}

@INPROCEEDINGS{trumper1993, 
author={Trumper, D.L. and Williams, M.E. and Nguyen, T.H.}, 
booktitle={Industry Applications Society Annual Meeting, 1993., Conference Record of the 1993 IEEE}, 
title={Magnet arrays for synchronous machines}, 
year={1993}, 
month={Oct}, 
pages={9-18 vol.1}
}

@INPROCEEDINGS{trumper1994, 
author={Trumper, D.L. and Won-jong Kim and Williams, M.E.}, 
booktitle={Industry Applications Society Annual Meeting, 1994., Conference Record of the 1994 IEEE}, 
title={Design and analysis framework for linear permanent magnet machines}, 
year={1994}, 
month={Oct}, 
pages={216-223 vol.1}
}

@INPROCEEDINGS{seokjang2002, 
author={Seok-Myeong Jang and Sung-Ho Lee and In-Ki Yoon and Jung-Ho Lee}, 
booktitle={Magnetics Conference, 2002. INTERMAG Europe 2002. Digest of Technical Papers. 2002 IEEE International}, 
title={Design criteria for detent force reduction of permanent magnet linear synchronous motor with Halbach array}, 
year={2002}, 
month={April}, 
pages={GU6-}
}

@INPROCEEDINGS{tavana2010, 
author={Tavana, N.R. and Shoulaie, A.}, 
booktitle={Power Electronic Drive Systems Technologies Conference (PEDSTC), 2010 1st}, 
title={Minimizing thrust fluctuation in linear permanent-magnet synchronous motor with Halbach array}, 
year={2010}, 
month={Feb}, 
pages={302-306}
}

@ARTICLE{shibata1992, 
author={Shibata, M. and Maki, N. and Saitoh, T. and Kobayashi, T. and Sawano, E. and Ohshima, H.}, 
journal={Magnetics, IEEE Transactions on}, 
title={On-board power supply system of a magnetically levitated vehicle}, 
year={1992}, 
month={Jan}, 
volume={28}, 
number={1}, 
pages={474-477}
}

@ARTICLE{andriollo1997, 
author={Andriollo, M. and Martinelli, G. and Morini, A. and Tortella, A.}, 
journal={Magnetics, IEEE Transactions on}, 
title={Optimization of the on-board linear generator in {EMS}-{MAGLEV} trains}, 
year={1997}, 
month={Sep}, 
volume={33}, 
number={5}, 
pages={4224-4226}
}

@INPROCEEDINGS{minchen2004, 
author={Min Chen and Dehong Xu and Dengyan Zhou and Xiangming Wu}, 
booktitle={Applied Power Electronics Conference and Exposition, 2004. APEC '04. Nineteenth Annual IEEE}, 
title={Inductive power transferring in {M}aglev using harmonic injection method}, 
year={2004}, 
month={}, 
volume={2}, 
pages={1165-1170 vol.2}
}

@Book{chapman2003,
author = {Stephen J. Chapman},
title = {Electric Machinery Fundamentals},
publisher = {McGraw Hill},
year = {2003},
address = {New York}
}

@INPROCEEDINGS{habeeb2014, 
author={Habeeb, I. and Ismail, E.K.}, 
booktitle={Emerging Research Areas: Magnetics, Machines and Drives (AICERA/iCMMD), 2014 Annual International Conference on}, 
title={Adaptive sliding mode and model predictive control of linear variable reluctance motor}, 
year={2014}, 
month={July}, 
pages={1-6}
}

@ARTICLE{pupadubsin2012, 
author={Pupadubsin, R. and Chayopitak, N. and Taylor, D.G. and Nulek, N. and Kachapornkul, S. and Jitkreeyarn, P. and Somsiri, P. and Tungpimolrut, K.}, 
journal={Industry Applications, IEEE Transactions on}, 
title={Adaptive Integral Sliding-Mode Position Control of a Coupled-Phase Linear Variable Reluctance Motor for High-Precision Applications}, 
year={2012}, 
month={July}, 
volume={48}, 
number={4}, 
pages={1353-1363}
}

@ARTICLE{waichuen2003, 
author={Wai-Chuen Gan and Cheung, N.C.}, 
journal={Mechatronics, IEEE/ASME Transactions on}, 
title={Development and control of a low-cost linear variable-reluctance motor for precision manufacturing automation}, 
year={2003}, 
month={Sept}, 
volume={8}, 
number={3}, 
pages={326-333}
}

% It starts here
@ARTICLE{hassanpour2008, 
author={Isfahani, A.H. and Ebrahimi, B.M. and Lesani, H.}, 
journal={Magnetics, IEEE Transactions on}, 
title={Design Optimization of a Low-Speed Single-Sided Linear Induction Motor for Improved Efficiency and Power Factor}, 
year={2008}, 
month={Feb}, 
volume={44}, 
number={2}, 
pages={266-272}
}

@ARTICLE{vaezzadeh2006, 
author={Vaez-Zadeh, S. and Isfahani, A.H.}, 
journal={Magnetics, IEEE Transactions on}, 
title={Multiobjective design optimization of air-core linear permanent-magnet synchronous motors for improved thrust and low magnet consumption}, 
year={2006}, 
month={March}, 
volume={42}, 
number={3}, 
pages={446-452}
}

@ARTICLE{shin2015, 
author={Jung-Seob Shin and Watanabe, R. and Koseki, T. and Houng-Joong Kim}, 
journal={Magnetics, IEEE Transactions on}, 
title={Practical Design Approach of a Transverse Flux Linear Synchronous Motor for Compact Size, Small Mover Weight, High Efficiency, and Low Material Cost}, 
year={2015}, 
month={March}, 
volume={51}, 
number={3}, 
pages={1-4}
}

@ARTICLE{dongyeuplee2005, 
author={Dong-Yeup Lee and Chun-Gil Jung and Kang-Jun Yoon and Gyu-Tak Kim}, 
journal={Magnetics, IEEE Transactions on}, 
title={A study on the efficiency optimum design of a permanent magnet type linear synchronous motor}, 
year={2005}, 
month={May}, 
volume={41}, 
number={5}, 
pages={1860-1863}
}

@INPROCEEDINGS{abdelaziz2008, 
author={Abbas, A.Y.M. and Fletcher, J.E.}, 
booktitle={Power Electronics Specialists Conference, 2008. PESC 2008. IEEE}, 
title={Efficiency evaluation of linear permanent magnet synchronous machines using the synthetic loading method}, 
year={2008}, 
month={June}, 
pages={3074-3080}
}

@ARTICLE{perreault2009, 
author={Perreault, B.M.}, 
journal={Proceedings of the IEEE}, 
title={Optimizing Operation of Segmented Stator Linear Synchronous Motors}, 
year={2009}, 
month={Nov}, 
volume={97}, 
number={11}, 
pages={1777-1785}
}

@ARTICLE{lawrenson1967, 
author={Lawrenson, P.J. and Gupta, S.K.}, 
journal={Electrical Engineers, Proceedings of the Institution of}, 
title={Developments in the performance and theory of segmental-rotor reluctance motors}, 
year={1967}, 
volume={114}, 
number={5}, 
pages={645-653}, 
keywords={AC motors}
}

@ARTICLE{cruickshank1966, 
author={Cruickshank, A.J.O. and Menzies, R.W. and Anderson, A.F.}, 
journal={Electrical Engineers, Proceedings of the Institution of}, 
title={Axially laminated anisotropic rotors for reluctance motors}, 
year={1966}, 
volume={113}, 
number={12}, 
pages={2058-2060}, 
keywords={electric motors}, 
doi={10.1049/piee.1966.0358}, 
ISSN={0020-3270}, 
month={December}}

@ARTICLE{hamler1998, 
author={Hamler, A. and Trlep, M. and Hribernik, B.}, 
journal={Magnetics, IEEE Transactions on}, 
title={Optimal secondary segment shapes of linear reluctance motors using stochastic searching}, 
year={1998}, 
volume={34}, 
number={5}, 
pages={3519-3521}
}

@ARTICLE{kostko1923, 
author={Kostko, J.K.}, 
journal={American Institute of Electrical Engineers, Journal of the}, 
title={Polyphase reaction synchronous motors}, 
year={1923}, 
volume={42}, 
number={11}, 
pages={1162-1168}
}

@INPROCEEDINGS{leekimlee2014, 
author={Young Hyun Kim and Jung Ho Lee and Jin Kyoung Lee}, 
booktitle={Computation in Electromagnetics (CEM 2014), 9th IET International Conference on}, 
title={Optimum design of axially laminated anisotropic rotor Synchronous Reluctance Motor for torque density and ripple improvement}, 
year={2014}, 
pages={1-2}
}

@INPROCEEDINGS{boldea1994, 
author={Boldea, I. and Fu, Z.X. and Nasar, S.A.}, 
booktitle={Industry Applications Society Annual Meeting, 1992., Conference Record of the 1992 IEEE}, 
title={Performance evaluation of axially-laminated anisotropic ({ALA}) rotor reluctance synchronous motors}, 
year={1992}, 
pages={212-218 vol.1}
}

@Book{fitzgerald2003,
author = {A. E. Fitzgerald and Charles Kingsley Jr. and Stephen D. Umans},
title = {Electric Machinery},
publisher = {McGraw-Hill},
year = {2003},
address = {New York}
}

@ARTICLE{park1929, 
author={R. H. Park}, 
journal={Transactions of the American Institute of Electrical Engineers}, 
title={Two-reaction theory of synchronous machines generalized method of analysis-part I}, 
year={1929}, 
volume={48}, 
number={3}, 
pages={716-727}}

@Book{bianchi2011,
author = {N. Bianchi},
title = {Machine Analysis Using Finite Elements},
publisher = {Taylor \& Francis},
year = {2011},
address = {Boca Raton}
}

@ARTICLE{boje1990, 
author={Boje, E.S. and Balda, J.C. and Harley, R.G. and Beck, R.C.}, 
journal={Energy Conversion, IEEE Transactions on}, 
title={Time-domain identification of synchronous machine parameters from simple standstill tests}, 
year={1990}, 
volume={5}, 
number={1}, 
pages={164-175}
}

@ARTICLE{agarlita2012, 
author={Agarlita, S.-C. and Boldea, I. and Blaabjerg, F.}, 
journal={Industry Applications, IEEE Transactions on}, 
title={High-Frequency-Injection-Assisted Active-Flux-Based Sensorless Vector Control of Reluctance Synchronous Motors, With Experiments From Zero Speed}, 
year={2012}, 
volume={48}, 
number={6}, 
pages={1931-1939}
}

@ARTICLE{boldea2015, 
author={Ursu, D. and Gradinaru, V. and Fahimi, B. and Boldea, I.}, 
journal={Industry Applications, IEEE Transactions on}, 
title={Six-Phase {BLDC} Reluctance Machines: {FEM}-Based Characterization and Four-Quadrant Control}, 
year={2015}, 
volume={51}, 
number={3}, 
pages={2105-2115}
}

@INPROCEEDINGS{stumberger2001, 
author={Stumberger, G. and Stumberger, B. and Dolinar, D.}, 
booktitle={Industry Applications Conference, 2001. Thirty-Sixth IAS Annual Meeting. Conference Record of the 2001 IEEE}, 
title={Position and current dependent flux linkages, thrust and friction force of linear synchronous reluctance motor}, 
year={2001}, 
volume={4}, 
pages={2310-2317 vol.4}
}

@INPROCEEDINGS{yuya2007, 
author={Ueno, Y. and Tahara, S. and Ogawa, K.}, 
booktitle={Electrical Machines and Systems, 2007. ICEMS. International Conference on}, 
title={Thrust and lateral force of a linear synchronous reluctance motor using by 3-D boundary integral equation method}, 
year={2007}, 
pages={1610-1613}
}

@INPROCEEDINGS{mirzaei2008, 
author={Mirzaei, M. and Abdollahi, S.E. and Vahedi, A.}, 
booktitle={Electromagnetic Launch Technology, 2008 14th Symposium on}, 
title={Design Optimization of Reluctance Synchronous Linear Machines for Electromagnetic Aircraft Launch System}, 
year={2008}, 
pages={1-6}
}

@ARTICLE{hasanien2010, 
author={Abd-Rabou, A.S. and Hasanien, H.M. and Sakr, S.M.}, 
journal={Electric Power Applications, IET}, 
title={Design development of permanent magnet excitation transverse flux linear motor with inner mover type}, 
year={2010}, 
volume={4}, 
number={7}, 
pages={559-568}
}


@book{chong2013,
   title =     {An Introduction to Optimization},
   author =    {Edwin K. P. Chong, Stanislaw H. Zak},
   publisher = {Wiley},
   isbn =      {1118279018,9781118279014},
   year =      {2013},
   series =    {},
   edition =   {4}
}

@book{arora2012,
   title =     {Introduction to Optimum Design},
   author =    {J. S. Arorak},
   publisher = {Elsevier},
   year =      {2012},
   edition =   {3}
}

@INPROCEEDINGS{gudelhofer2012, 
author={J. Güdelhöfer and R. Gottkehaskamp and A. Hartmann}, 
booktitle={2012 COMSOL Conference in Milan, Proceedings of the}, 
title={Numerical Calculation of the Dynamic Behavior of Asynchronous Motors with {COMSOL} Multiphysics}, 
year={2012}
}

@INPROCEEDINGS{agarlita2013, 
author={S. Agarlita and D. Ursu and L. Tutelea and I. Boldea and B. Fahimi}, 
booktitle={2013 IEEE Energy Conversion Congress and Exposition}, 
title={{BLDC} multiphase reluctance machines: A revival attempt with 2{D} {FEM} investigation and standstill tests}, 
year={2013}, 
pages={1850-1857}
}

@INPROCEEDINGS{mendrela2008, 
author={X. Li and E. A. Mendrela}, 
booktitle={Region 5 Conference, 2008 IEEE}, 
title={Optimization of Construction of Linear Switched Reluctance Motor with Transverse Magnetic Flux}, 
year={2008}, 
pages={1-5}
}

@INPROCEEDINGS{chayopitak2005, 
author={N. Chayopitak and D. G. Taylor}, 
booktitle={IEEE International Conference on Electric Machines and Drives, 2005.}, 
title={Design of linear variable reluctance motor using computer-aided design assistant}, 
year={2005}, 
pages={1569-1575}
}

@ARTICLE{mohammadi2015, 
author={M. H. Mohammadi and T. Rahman and R. Silva and M. Li and D. A. Lowther}, 
journal={IEEE Transactions on Magnetics}, 
title={A Computationally Efficient Algorithm for Rotor Design Optimization of Synchronous Reluctance Machines}, 
year={2016}, 
volume={52}, 
number={3}, 
pages={1-4}
}

@INPROCEEDINGS{orlova2015, 
author={S. Orlova and A. Vezzini and V. Pugachov}, 
booktitle={Power and Electrical Engineering of Riga Technical University (RTUCON), 2015 56th International Scientific Conference on}, 
title={Analysis of parameters for optimal design of synchronous Reluctance Motor}, 
year={2015}, 
pages={1-4}
}

@ARTICLE{staton1993, 
author={D. A. Staton and T. J. E. Miller and S. E. Wood}, 
journal={IEE Proceedings B - Electric Power Applications}, 
title={Maximising the saliency ratio of the synchronous reluctance motor}, 
year={1993}, 
volume={140}, 
number={4}, 
pages={249-259}
}

@INPROCEEDINGS{duan2013, 
author={Y. Duan and D. M. Ionel}, 
booktitle={2011 IEEE Energy Conversion Congress and Exposition}, 
title={A review of recent developments in electrical machine design optimization methods with a permanent magnet synchronous motor benchmark study}, 
year={2011}, 
pages={3694-3701}
}

@INPROCEEDINGS{dubas2008, 
author={F. Dubas and A. Sari and D. Hissel and C. Espanet}, 
booktitle={2008 IEEE Vehicle Power and Propulsion Conference}, 
title={A comparison between CG and PSO algorithms for the design of a PM motor for fuel cell ancillaries}, 
year={2008}, 
pages={1-7}
}

@ARTICLE{shiri2012, 
author={A. Shiri and A. Shoulaie}, 
journal={IEEE Transactions on Energy Conversion}, 
title={Design Optimization and Analysis of Single-Sided Linear Induction Motor, Considering All Phenomena}, 
year={2012}, 
volume={27}, 
number={2}, 
pages={516-525}
}


@book{bellman1957,
   title =     {Dynamic programming},
   author =    {Richard Bellman},
   publisher = {Princeton Univ Pr},
   isbn =      {9780691079516,069107951X},
   year =      {1957},
   series =    {},
   edition =   {},
   volume =    {},
   url =       {http://gen.lib.rus.ec/book/index.php?md5=3A1794F608B48CBD4BCE640735AF75D2}
}

@article{jin2011,
title = "Surrogate-assisted evolutionary computation: Recent advances and future challenges ",
journal = "Swarm and Evolutionary Computation ",
volume = "1",
number = "2",
pages = "61 - 70",
year = "2011",
note = "",
issn = "2210-6502",
doi = "http://dx.doi.org/10.1016/j.swevo.2011.05.001",
url = "http://www.sciencedirect.com/science/article/pii/S2210650211000198",
author = "Yaochu Jin"
}

@book{forrester2008,
   title =     {Engineering Design via Surrogate Modelling: A Practical Guide},
   author =    {Alexander Forrester and Andras Sobester and Andy Keane},
   publisher = {Wiley},
   isbn =      {0470060689,9780470060681,9780470770795},
   year =      {2008},
   edition =   {1}
}


@book{hastie2008,
   title =     {The Elements of Statistical Learning - Data Mining, Inference, and Prediction},
   author =    {Trevor Hastie and Robert Tibshirani and Jerome Friedman},
   publisher = {Springer},
   year =      {2008},
   edition =   {2}
}

@book{tenne2010,
   title =     {Computational Intelligence in Expensive Optimization Problems},
   author =    {Yoel Tenne and Chi-Keong Goh},
   publisher = {Springer},
   year =      {2010},
   series =    {Adaptation, Learning and Optimization},
   volume =    {2}
}

@ARTICLE{giurgea2007, 
author={S. Giurgea and H. S. Zire and A. Miraoui}, 
journal={IEEE Transactions on Magnetics}, 
title={Two-Stage Surrogate Model for Finite-Element-Based Optimization of Permanent-Magnet Synchronous Motor}, 
year={2007}, 
volume={43}, 
number={9}, 
pages={3607-3613}
}

@ARTICLE{meng2010, 
author={X. Meng and S. Wang and J. Qiu and J. G. Zhu and Y. Wang and Y. Guo and D. Liu and W. Xu}, 
journal={IEEE Transactions on Magnetics}, 
title={Dynamic Multilevel Optimization of Machine Design and Control Parameters Based on Correlation Analysis}, 
year={2010}, 
volume={46}, 
number={8}, 
pages={2779-2782}
}

@ARTICLE{gillon2010, 
author={F. Gillon and P. Brochet}, 
journal={IEEE Transactions on Magnetics}, 
title={Screening and response surface method applied to the numerical optimization of electromagnetic devices}, 
year={2000}, 
volume={36}, 
number={4}, 
pages={1163-1167}
}

@article{silva2015,
  title={Sequential Feature Analysis in a Floating Search Evaluation and Extraction of Weak Metaclassifiers},
  author={Cruz, Edwin Alberto Silva and Franco, Carlos Humberto Esparza},
  journal={Revista UIS Ingenier{\'i}as},
  volume={14},
  number={1},
  year={2015}
}

@book{montgomery2013,
   title =     {Design and Analysis of Experiments},
   author =    {Douglas Montgomery},
   publisher = {Wiley},
   year =      {2013},   
   edition =    {8}
}

@article{NFLT,
  title={No free lunch theorems for optimization},
  author={David Wolpert and William Macready},
  journal={Evolutionary Computation, IEEE Transactions on},
  volume={1},
  number={1},
  year={1997}
}	

@book{koziel2013,
   title =     {Surrogate-Based Modeling and Optimization},
   author =    {Slawomir Koziel and Leifur Leifsson},
   publisher = {Springer},
   year =      {2013},   
   edition =    {1}
}

@ARTICLE{park2006, 
author={J. M. Park and S. I. Kim and J. P. Hong and J. H. Lee}, 
journal={IEEE Transactions on Magnetics}, 
title={Rotor Design on Torque Ripple Reduction for a Synchronous Reluctance Motor With Concentrated Winding Using Response Surface Methodology}, 
year={2006}, 
volume={42}, 
number={10}, 
pages={3479-3481}
}

@INPROCEEDINGS{song2011, 
author={X. Song and Y. Park and J. Li and J. Lee}, 
booktitle={Computational Sciences and Optimization (CSO), 2011 Fourth International Joint Conference on}, 
title={Optimization of Switched Reluctance Motor for Efficiency Improvement Using Response Surface Model and Kriging Model}, 
year={2011}, 
pages={259-260}
}

@ARTICLE{zhou2007, 
author={Z. Zhou and Y. S. Ong and P. B. Nair and A. J. Keane and K. Y. Lum}, 
journal={IEEE Transactions on Systems, Man, and Cybernetics, Part C (Applications and Reviews)}, 
title={Combining Global and Local Surrogate Models to Accelerate Evolutionary Optimization}, 
year={2007}, 
volume={37}, 
number={1}, 
pages={66-76}
}

@article{gorissen2010,
  title={Multiobjective global surrogate modeling, dealing with the 5-percent problem},
  author={Gorissen, Dirk and Couckuyt, Ivo and Laermans, Eric and Dhaene, Tom},
  journal={Engineering with Computers},
  volume={26},
  number={1},
  pages={81--98},
  year={2010}
}

@INPROCEEDINGS{crombecq2009, 
author={K. Crombecq and L. De Tommasi and D. Gorissen and T. Dhaene}, 
booktitle={Proceedings of the 2009 Winter Simulation Conference (WSC)}, 
title={A novel sequential design strategy for global surrogate modeling}, 
year={2009}, 
pages={731-742}
}

@article{gorissen2010b,
  title={A Surrogate Modeling and Adaptive Sampling Toolbox for Computer Based Design},
  author={D. Gorissen and K. Crombecq and I. Couckuyt and T. Dhaene and P. Demeester},
  journal={Journal of Machine Learning Research},
  volume={11},
  number={1},
  pages={2051-2010},
  year={2010}
}

@misc{sumoabout,
  title = {About - {SUMO}wiki},
  howpublished = {\url{http://sumowiki.intec.ugent.be/About}},
  note = {Accedido:  5-28-2016}
}

@ARTICLE{rong2006, 
author={X. R. Li and Z. Zhao}, 
journal={IEEE Transactions on Aerospace and Electronic Systems}, 
title={Evaluation of Estimation Algorithms Part {I}: Incomprehensive Measures of Performance}, 
year={2006}, 
volume={42}, 
number={4}, 
pages={1340-1358},
}

@INPROCEEDINGS{farmaga2011, 
author={I. Farmaga and P. Shmigelskyi and P. Spiewak and L. Ciupinski}, 
booktitle={CAD Systems in Microelectronics (CADSM), 2011 11th International Conference The Experience of Designing and Application of}, 
title={Evaluation of computational complexity of finite element analysis}, 
year={2011}, 
pages={213-214}
}

@inbook{goodrich2013,
  author       = {Michael T. Goodrich and Roberto Tamassia and Michael H. Goldwasser}, 
  title        = {Data Structures and Algorithms in Python},
  chapter      = 3,
  pages        = {123-127},
  publisher    = {Wiley},
  year         = 2013,
  edition      = 1
}

@ARTICLE{yokoi1989, 
author={T. Yokoi and D. Ebihara}, 
journal={IEEE Transactions on Magnetics}, 
title={An optimal design technique for high speed single-sided linear induction motors using mathematical programming method}, 
year={1989}, 
volume={25}, 
number={5}, 
pages={3596-3598}
}

@INPROCEEDINGS{basak1995, 
author={A. Basak and A. F. Flores Filho}, 
booktitle={Electrical Machines and Drives, 1995. Seventh International Conference on (Conf. Publ. No. 412)}, 
title={Design optimisation of a novel slotless linear stepping motor}, 
year={1995}, 
pages={368-372}
}

@INPROCEEDINGS{rao2003, 
author={K. S. R. Rao}, 
booktitle={Power Engineering Conference, 2003. PECon 2003. Proceedings. National}, 
title={Design optimization of 3-phase converter fed DC series motor}, 
year={2003}, 
pages={127-132}
}

@ARTICLE{cupertino2014, 
author={F. Cupertino and G. Pellegrino and C. Gerada}, 
journal={IEEE Transactions on Industry Applications}, 
title={Design of Synchronous Reluctance Motors With Multiobjective Optimization Algorithms}, 
year={2014}, 
volume={50}, 
number={6}, 
pages={3617-3627}
}

@ARTICLE{sato2015, 
author={S. Sato and T. Sato and H. Igarashi}, 
journal={IEEE Transactions on Magnetics}, 
title={Topology Optimization of Synchronous Reluctance Motor Using Normalized Gaussian Network}, 
year={2015}, 
volume={51}, 
number={3}, 
pages={1-4}
}

@ARTICLE{hasanien2011, 
author={H. M. Hasanien}, 
journal={IEEE Transactions on Industrial Electronics}, 
title={Particle Swarm Design Optimization of Transverse Flux Linear Motor for Weight Reduction and Improvement of Thrust Force}, 
year={2011}, 
volume={58}, 
number={9}, 
pages={4048-4056}
}

@book{nocedal1999,
   title =     {Numerical Optimization},
   author =    {Jorge Nocedal and Stephen J. Wright},
   publisher = {Springer},
   year =      {1999},
   edition =   {1}
}

@INPROCEEDINGS{raminosoa2006, 
author={T. Raminosoa and I. Rasoanarivo and F. m. Sargos and R. N. Andriamalala}, 
booktitle={Conference Record of the 2006 IEEE Industry Applications Conference Forty-First IAS Annual Meeting}, 
title={Constrained Optimization of High Power Synchronous Reluctance Motor Using Non Linear Reluctance Network Modeling}, 
year={2006}, 
volume={3}, 
pages={1201-1208}
}
@INPROCEEDINGS{astrid2014, 
author={A. Rokke}, 
booktitle={Electrical Machines (ICEM), 2014 International Conference on}, 
title={Gradient based optimization of Permanent Magnet generator design for a tidal turbine}, 
year={2014}, 
pages={1199-1205}
}

@ARTICLE{barhoumi2016, 
author={E. M. Barhoumi and F. Wurtz and C. Chillet and B. Ben Salah and O. Chadebec}, 
journal={IEEE Transactions on Magnetics}, 
title={Efficient Reluctance Network Formulation for Modeling Design and Optimization of Linear Hybrid Motor}, 
year={2016}, 
volume={52}, 
number={3}, 
pages={1-4}
}


@book{goldberg1989,
   title =     {Genetic Algorithms in Search, Optimization, and Machine Learning},
   author =    {David E. Goldberg},
   publisher = {Addison-Wesley Professional},
   isbn =      {0201157675,9780201157673},
   year =      {1989},
   edition =   {1}
}

@article{herrera1998,
  title={Tackling real-coded genetic algorithms: Operators and tools for behavioural analysis},
  author={Herrera, Francisco and Lozano, Manuel and Verdegay, Jose L.},
  journal={Artificial intelligence review},
  volume={12},
  number={4},
  pages={265--319},
  year={1998},
  publisher={Springer}
}

@article{cassimere2009,
  title={Population-based design of surface-mounted permanent-magnet synchronous machines},
  author={Cassimere, Brandon N and Sudhoff, Scott D},
  journal={Energy Conversion, IEEE Transactions on},
  volume={24},
  number={2},
  pages={338--346},
  year={2009},
  publisher={IEEE}
}

@inproceedings{dinardo2015,
  title={Multi-physics optimization strategies for high speed synchronous reluctance machines},
  author={Di Nardo, M and Galea, M and Gerada, C and Palmieri, M and Cupertino, F},
  booktitle={Energy Conversion Congress and Exposition (ECCE), 2015 IEEE},
  pages={2813--2820},
  year={2015},
  organization={IEEE}
}

@article{hasanien2010b,
  title={Design optimization of transverse flux linear motor for weight reduction and performance improvement using response surface methodology and genetic algorithms},
  author={Hasanien, Hany M and Abd-Rabou, Ahmed S and Sakr, Sohier M},
  journal={Energy Conversion, IEEE Transactions on},
  volume={25},
  number={3},
  pages={598--605},
  year={2010},
  publisher={IEEE}
}

@article{tuvsar2007,
  title={A comparative study of stochastic optimization methods in electric motor design},
  author={Tu{\v{s}}ar, Tea and Koro{\v{s}}ec, Peter and Papa, Gregor and Filipi{\v{c}}, Bogdan and {\v{S}}ilc, Jurij},
  journal={Applied Intelligence},
  volume={27},
  number={2},
  pages={101--111},
  year={2007},
  publisher={Springer}
}

@article{passino2002,
  title={Biomimicry of bacterial foraging for distributed optimization and control},
  author={Passino, Kevin M},
  journal={Control Systems, IEEE},
  volume={22},
  number={3},
  pages={52--67},
  year={2002},
  publisher={IEEE}
}

@INPROCEEDINGS{precup2014, 
author={R. E. Precup and A. L. Borza and M. B. Radac and E. M. Petriu}, 
booktitle={2014 IEEE International Conference on Computational Intelligence and Virtual Environments for Measurement Systems and Applications (CIVEMSA)}, 
title={Performance analysis of torque motor systems with PID controllers tuned by Bacterial Foraging Optimization algorithms}, 
year={2014}, 
pages={141-146}
}

@INPROCEEDINGS{precup2014b, 
author={R. E. Precup and A. L. Borza and M. B. Radac and E. M. Petriu}, 
booktitle={2014 IEEE 23rd International Symposium on Industrial Electronics (ISIE)}, 
title={Bacterial Foraging Optimization approach to the controller tuning for automotive torque motors}, 
year={2014}, 
pages={972-977}
}

@article{sakthivel2010,
  title={Design optimization of three-phase energy efficient induction motor using adaptive bacterial foraging algorithm},
  author={Sakthivel, VP and Bhuvaneswari, R and Subramanian, S},
  journal={COMPEL-The international journal for computation and mathematics in electrical and electronic engineering},
  volume={29},
  number={3},
  pages={699--726},
  year={2010},
  publisher={Emerald Group Publishing Limited}
}

@ARTICLE{betz1993, 
author={R. E. Betz and R. Lagerquist and M. Jovanovic and T. J. E. Miller and R. H. Middleton}, 
journal={IEEE Transactions on Industry Applications}, 
title={Control of synchronous reluctance machines}, 
year={1993}, 
volume={29}, 
number={6}, 
pages={1110-1122}
}


@book{jeanpaul2011,
   title =     {Control of Non-conventional Synchronous Motors},
   author =    {Jean-Paul Louis et. al.},
   publisher = {Wiley-ISTE},
   year =      {2011}
}

@article{aastrom2014,
  title={Control: A perspective.},
  author={{\AA}str{\"o}m, Karl Johan and Kumar, PR},
  journal={Automatica},
  volume={50},
  number={1},
  pages={3--43},
  year={2014}
}

@book{ogata2010,
   title =     {Ingenieria de Control Moderna},
   author =    {K. Ogata},
   publisher = {Pearson},
   edition = {5},
   year =      {2010}
}


@book{chen1993,
   title =     {Analog and Digital Control System Design: Transfer-Function, State-Space and Algebraic Methods},
   author =    {Chi-Tsong Chen},
   publisher = {Saunders College Publishing},
   edition = {1},
   year =      {1993}
}

@INPROCEEDINGS{ramana2015, 
author={P. Ramana and M. S. Kalavathi and K. A. Mary and V. D. G. Kumar}, 
booktitle={Electrical, Electronics, Signals, Communication and Optimization (EESCO), 2015 International Conference on}, 
title={Design methodology for torque angle control of a non-linear vector controlled Variable Reluctance Synchronous Motor}, 
year={2015}, 
pages={1-6}
}

@INPROCEEDINGS{cheema2013, 
author={M. A. M. Cheema and J. E. Fletcher}, 
booktitle={ECCE Asia Downunder (ECCE Asia), 2013 IEEE}, 
title={Sensorless vector control of linear permanent magnet synchronous motor}, 
year={2013}, 
pages={1098-1104}
}

@INPROCEEDINGS{motlagh2012, 
author={S. Motlagh and S. S. Fazel}, 
booktitle={Power Electronics and Drive Systems Technology (PEDSTC), 2012 3rd}, 
title={Indirect vector control of linear induction motor considering end effect}, 
year={2012}, 
pages={193-198}
}

@ARTICLE{gu2003, 
author={Bon-Gwan Gu and Kwanghee Nam}, 
journal={IEEE Transactions on Industry Applications}, 
title={A vector control scheme for a PM linear synchronous motor in extended region}, 
year={2003}, 
volume={39}, 
number={5}, 
pages={1280-1286}
}

@article{zadeh1965,
  title={Fuzzy sets},
  author={Zadeh, Lotfi A},
  journal={Information and control},
  volume={8},
  number={3},
  pages={338--353},
  year={1965},
  publisher={Elsevier}
}


@book{wang1997,
   title =     {A Course in Fuzzy Systems and Control},
   author =    {Li-Xin Wang},
   publisher = {Prentice Hall},
   year =      {1997},
   edition =   {1}
}

@book{passino1998,
   title =     {Fuzzy Control},
   author =    {Kevin M. Passino},
   publisher = {Addison Wesley Longman},
   year =      {1998},
   edition =   {1}
}

@inproceedings{zhao2007,
  title={A fuzzy sliding mode control based on model reference adaptive control for permanent magnet synchronous linear motor},
  author={Zhao, Yujie and Wang, Qingli and Xu, Jinxue and Wang, Chengyuan},
  booktitle={Industrial Electronics and Applications, 2007. ICIEA 2007. 2nd IEEE Conference on},
  pages={980--984},
  year={2007},
  organization={IEEE}
}

@inproceedings{lin2008,
  title={Self-adjusting fuzzy controller application for linear induction motor control system},
  author={Lin, Zhu-Xi and others},
  booktitle={Industrial Electronics and Applications, 2008. ICIEA 2008. 3rd IEEE Conference on},
  pages={528--531},
  year={2008},
  organization={IEEE}
}

@article{chen2011,
  title={Supervisory interval type-2 TSK neural fuzzy network control for linear microstepping motor drives with uncertainty observer},
  author={Chen, Chaio-Shiung},
  journal={Power Electronics, IEEE Transactions on},
  volume={26},
  number={7},
  pages={2049--2064},
  year={2011},
  publisher={IEEE}
}

@inproceedings{chen2005,
  title={An improved fuzzy system for position control of permanent magnet linear motor},
  author={Chen, You-Ping and Zhang, Dai-Lin and Ai, Wu and Zhou, Zu-De and Liu, Ling-Yun},
  booktitle={Machine Learning and Cybernetics, 2005. Proceedings of 2005 International Conference on},
  volume={5},
  pages={2731--2735},
  year={2005},
  organization={IEEE}
}

@inproceedings{linsen2007,
  title={Application of fuzzy controller in the speed control of permanent magnet linear motors},
  author={Linsen, Zhu and Yangping, Tang and Dailin, Zhang},
  booktitle={Control Conference, 2007. CCC 2007. Chinese},
  pages={242--245},
  year={2007},
  organization={IEEE}
}

@inproceedings{chen2007,
  title={Linear motor driven inverted pendulum and LQR controller design},
  author={Chen, Xianmin and Zhou, Huixing and Ma, Ronghua and Zuo, Fuchang and Zhai, Guofang and Gong, Minli},
  booktitle={2007 IEEE International Conference on Automation and Logistics},
  pages={1750--1754},
  year={2007},
  organization={IEEE}
}

@inproceedings{liu2007,
  title={Modified linear quadratic optimal control method and application in linear brushless direct current motor},
  author={Liu, Aimin and Liang, Yaru and Gao, Shang and Gao, Jun},
  booktitle={Electrical Machines and Systems, 2007. ICEMS. International Conference on},
  pages={1829--1834},
  year={2007},
  organization={IEEE}
}

@inproceedings{lopez2013,
  title={PSO Neural inverse optimal control for a linear induction motor},
  author={Lopez, Victor G and Sanchez, Edgar N and Alanis, Alma Y},
  booktitle={2013 IEEE Congress on Evolutionary Computation},
  pages={1976--1982},
  year={2013},
  organization={IEEE}
}